@misc{create-react-app, url={https://create-react-app.dev/}, journal={Create React App}}

@inproceedings{barnett2015bootstrapping,
  title={Bootstrapping mobile app development},
  author={Barnett, Scott and Vasa, Rajesh and Grundy, John},
  booktitle={2015 IEEE/ACM 37th IEEE International Conference on Software Engineering},
  volume={2},
  pages={657--660},
  year={2015},
  organization={IEEE}
}

@inproceedings{inayatullah2019model,
  title={Model-based scaffolding code generation for cross-platform applications},
  author={Inayatullah, Mohammad and Azam, Farooque and Anwar, Muhammad Waseem},
  booktitle={2019 IEEE 10th Annual Information Technology, Electronics and Mobile Communication Conference (IEMCON)},
  pages={1006--1012},
  year={2019},
  organization={IEEE}
}

@misc{msaaddev, title={msaaddev/next-firebase-auth-template: ⚡️ A Next.js PWA template with firebase user authentication implemented to quickly get you started. Just fork it and use it!}, url={https://github.com/msaaddev/next-firebase-auth-template}, journal={GitHub}, author={Msaaddev}}
